<record><leader>00000cas a2200000 a 4500</leader><controlfield tag="001">10821982</controlfield><controlfield tag="008">840608d19101937nyudr ne      0   a0eng c</controlfield><datafield ind1=" " ind2=" " tag="010"><subfield code="a">sn 84031296 </subfield></datafield><datafield ind1=" " ind2=" " tag="040"><subfield code="a">NYG</subfield><subfield code="b">eng</subfield><subfield code="c">NYG</subfield><subfield code="d">DLC</subfield><subfield code="d">NYS</subfield><subfield code="d">OCL</subfield><subfield code="d">NYS</subfield><subfield code="d">DLC</subfield><subfield code="d">OCLCQ</subfield><subfield code="d">DLC</subfield><subfield code="d">OCLCQ</subfield><subfield code="d">OCLCF</subfield><subfield code="d">OCLCO</subfield></datafield><datafield ind1=" " ind2=" " tag="019"><subfield code="a">11192958</subfield></datafield><datafield ind1="1" ind2=" " tag="029"><subfield code="a">AU@</subfield><subfield code="b">000021635579</subfield></datafield><datafield ind1=" " ind2=" " tag="042"><subfield code="a">pcc</subfield></datafield><datafield ind1=" " ind2=" " tag="043"><subfield code="a">n-us-ny</subfield></datafield><datafield ind1="0" ind2="0" tag="050"><subfield code="a">Newspaper</subfield></datafield><datafield ind1="0" ind2="4" tag="245"><subfield code="a">The Knickerbocker press.</subfield></datafield><datafield ind1="3" ind2="0" tag="246"><subfield code="a">Knickerbocker press and the argus</subfield></datafield><datafield ind1=" " ind2=" " tag="260"><subfield code="a">Albany, N.Y. :</subfield><subfield code="b">Press Co.,</subfield><subfield code="c">1910-1937.</subfield></datafield><datafield ind1=" " ind2=" " tag="300"><subfield code="a">v. :</subfield><subfield code="b">ill. ;</subfield><subfield code="c">57 cm.</subfield></datafield><datafield ind1=" " ind2=" " tag="310"><subfield code="a">Daily</subfield></datafield><datafield ind1="0" ind2=" " tag="362"><subfield code="a">68th year (May 21, 1910)-95th year, no. 177 (June 30, 1937).</subfield></datafield><datafield ind1=" " ind2=" " tag="500"><subfield code="a">Published as: Knickerbocker press and the argus, Jan. 15, 1921-Jan. 5, 1922.</subfield></datafield><datafield ind1=" " ind2=" " tag="530"><subfield code="a">Available on microfilm from New York State Library, and the Library of Congress, Photoduplication Service.</subfield></datafield><datafield ind1=" " ind2="0" tag="651"><subfield code="a">Albany (N.Y.)</subfield><subfield code="v">Newspapers.</subfield></datafield><datafield ind1=" " ind2="0" tag="651"><subfield code="a">Albany County (N.Y.)</subfield><subfield code="v">Newspapers.</subfield></datafield><datafield ind1=" " ind2="7" tag="655"><subfield code="a">Newspapers.</subfield><subfield code="2">fast</subfield><subfield code="0">(OCoLC)fst01423814</subfield></datafield><datafield ind1=" " ind2="7" tag="651"><subfield code="a">New York (State)</subfield><subfield code="z">Albany.</subfield><subfield code="2">fast</subfield><subfield code="0">(OCoLC)fst01225716</subfield></datafield><datafield ind1=" " ind2="7" tag="651"><subfield code="a">New York (State)</subfield><subfield code="z">Albany County.</subfield><subfield code="2">fast</subfield><subfield code="0">(OCoLC)fst01210357</subfield></datafield><datafield ind1=" " ind2=" " tag="752"><subfield code="a">United States</subfield><subfield code="b">New York</subfield><subfield code="c">Albany</subfield><subfield code="d">Albany.</subfield></datafield><datafield ind1="0" ind2="0" tag="780"><subfield code="t">Press-Knickerbocker-express</subfield><subfield code="w">(DLC)sn 84031801</subfield></datafield><datafield ind1="0" ind2="5" tag="780"><subfield code="t">Argus (Albany, N.Y. : Daily)</subfield><subfield code="w">(DLC)sn 83045592</subfield></datafield><datafield ind1="0" ind2="7" tag="785"><subfield code="t">Albany evening news (Albany, N.Y. : 1926)</subfield><subfield code="w">(DLC)sn 96083516</subfield><subfield code="w">(OCoLC)34347310</subfield></datafield><datafield ind1="0" ind2="7" tag="785"><subfield code="t">Knickerbocker news (Albany, N.Y. : 1937)</subfield><subfield code="w">(DLC)sn 84031297</subfield></datafield></record>